<?xml version="1.0" encoding="utf-8"?>
<record xmlns="http://www.loc.gov/MARC21/slim" xmlns:xsi="http://www.w3.org/2001/XMLSchema-instance" xsi:schemaLocation="http://www.loc.gov/MARC21/slim http://www.loc.gov/standards/marcxml/schema/MARC21slim.xsd">
	<leader>     nam a22     Mi 4500</leader>
	<controlfield tag="001">b12224662</controlfield>
	<controlfield tag="003">UaCaAUL</controlfield>
	<controlfield tag="006">m        d        </controlfield>
	<controlfield tag="007">cr cn |||m|||a</controlfield>
	<controlfield tag="008">190308s1936    ua abc  ob    001 0 ara d</controlfield>
	<datafield ind1=" " ind2=" " tag="040">
		<subfield code="a">ZYU</subfield>
		<subfield code="b">ara</subfield>
		<subfield code="e">rda</subfield>
		<subfield code="c">ZYU</subfield>
	</datafield>
	<datafield ind1="1" ind2=" " tag="041">
		<subfield code="a">ara</subfield>
		<subfield code="h">eng</subfield>
	</datafield>
	<datafield ind1=" " ind2="4" tag="050">
		<subfield code="a">D199.3</subfield>
		<subfield code="b">.A713 1936</subfield>
	</datafield>
	<datafield ind1="1" ind2=" " tag="100">
		<subfield code="a">Guillaume, Alfred,</subfield>
		<subfield code="d">1888-1965,</subfield>
		<subfield code="e">author.</subfield>
	</datafield>
	<datafield ind1="1" ind2="0" tag="245">
		<subfield code="6">880-01</subfield>
		<subfield code="a">Turāth al-Islām = The Legacy of Islam.</subfield>
	</datafield>
	<datafield ind1="3" ind2="1" tag="246">
		<subfield code="a">Legacy of Islam</subfield>
	</datafield>
	<datafield ind1=" " ind2="1" tag="264">
		<subfield code="6">880-02</subfield>
		<subfield code="a">[Cairo] :</subfield>
		<subfield code="b">Maṭbaʻat Lajnat al-Taʼlīf wa-al-Tarjamah wa-al-Nashr,</subfield>
		<subfield code="c">1936.</subfield>
	</datafield>
	<datafield ind1=" " ind2=" " tag="300">
		<subfield code="a">online resource (2 volumes in 1, 32 leaves of plates) :</subfield>
		<subfield code="b">illustrations, folded map</subfield>
	</datafield>
	<datafield ind1=" " ind2=" " tag="336">
		<subfield code="a">text</subfield>
		<subfield code="2">rdacontent</subfield>
	</datafield>
	<datafield ind1=" " ind2=" " tag="337">
		<subfield code="a">computer</subfield>
		<subfield code="2">rdamedia</subfield>
	</datafield>
	<datafield ind1=" " ind2=" " tag="338">
		<subfield code="a">online resource</subfield>
		<subfield code="2">rdacarrier</subfield>
	</datafield>
	<datafield ind1=" " ind2=" " tag="500">
		<subfield code="6">880-03</subfield>
		<subfield code="a">At head of title page: Lajnat al-Jāmiʻyīn li-Nashr al-ʻIlm.</subfield>
	</datafield>
	<datafield ind1=" " ind2=" " tag="500">
		<subfield code="a">Includes Errata page.</subfield>
	</datafield>
	<datafield ind1=" " ind2=" " tag="500">
		<subfield code="a">Volume 1. lacks plates 1-2, 6, 11 - volume 2. lacks plates 2, 9, 17</subfield>
	</datafield>
	<datafield ind1=" " ind2=" " tag="500">
		<subfield code="a">Part of the Arabic Collections Online (ACO) project, contributed by American University in Cairo Library.</subfield>
	</datafield>
	<datafield ind1=" " ind2=" " tag="504">
		<subfield code="a">Includes bibliographical references and indexes.</subfield>
	</datafield>
	<datafield ind1="0" ind2=" " tag="505">
		<subfield code="6">880-04</subfield>
		<subfield code="a">Volume 1. 1- Asbānyā wa-al-Burtughāl / waḍaʻahu J.B. Trind ; ʻarrabahu wa-ʻallaq ʻalayhi Ḥusayn Muʼnis -- 2. al-Ḥurūb al-Ṣalībīyah / waḍaʻahu Īrnist Bārkar ; ʻarrabahu ʻAlī Aḥmad ʻĪsá -- 3. al-Adab /  waḍaʻahu H.A.R. Jibb ; ʻarrabahu wa-ʻallaq ʻalayhi ʻAbd al-Laṭīf Maḥmūd Ḥamzah -- 3. al-Falsafah wa-al-ilāhīyāt / waḍaʻahu Alfrid Jīyūm ; ʻarrabahu wa-ʻallaq ʻalayhi Tawfīq al-Ṭawīl -- Volume 2. 1- al-Funūn al-Islāmīyah al-farʻīyah wa-taʼthīrahā fī al-funūn al-Ūrubbīyah / katabahu bi-al-Injilīzīyah A. H. Christie -- 2- al-Fann al-Islāmī wa-taʼthīrahu fī al-taṣwīr fī Ūrūbbā / katabahu bi-al-Injilīzīyah Thomas Arnold -- Fann al-ʻimārah /  katabahu bi-al-Injilīzīyah Martin S. Briggs -- al-muqaddimah waḍaʻahā Alfrid Jīyūm ; wa-ʻarrabahā Khaṭṭāb ʻAṭīyah.</subfield>
	</datafield>
	<datafield ind1=" " ind2=" " tag="533">
		<subfield code="a">Electronic reproduction.</subfield>
		<subfield code="b">New York, N.Y. :</subfield>
		<subfield code="c">New York University,</subfield>
		<subfield code="d">2019.</subfield>
		<subfield code="5">NNU</subfield>
	</datafield>
	<datafield ind1=" " ind2="0" tag="650">
		<subfield code="a">Islamic civilization.</subfield>
	</datafield>
	<datafield ind1=" " ind2="0" tag="650">
		<subfield code="a">Islamic art</subfield>
		<subfield code="x">Influence.</subfield>
	</datafield>
	<datafield ind1=" " ind2="0" tag="650">
		<subfield code="a">Islamic architecture</subfield>
		<subfield code="x">Influence.</subfield>
	</datafield>
	<datafield ind1=" " ind2="7" tag="650">
		<subfield code="a">Islamic art</subfield>
		<subfield code="x">Influence.</subfield>
		<subfield code="2">fast</subfield>
		<subfield code="0">(OCoLC)fst01730281</subfield>
	</datafield>
	<datafield ind1=" " ind2="7" tag="650">
		<subfield code="a">Islamic civilization.</subfield>
		<subfield code="2">fast</subfield>
		<subfield code="0">(OCoLC)fst01730294</subfield>
	</datafield>
	<datafield ind1="1" ind2=" " tag="700">
		<subfield code="a">Trend, J. B.</subfield>
		<subfield code="q">(John Brande),</subfield>
		<subfield code="d">1887-1958,</subfield>
		<subfield code="e">contributor.</subfield>
	</datafield>
	<datafield ind1="1" ind2=" " tag="700">
		<subfield code="6">880-05</subfield>
		<subfield code="a">Muʼnis, Ḥusayn,</subfield>
		<subfield code="d">1911-</subfield>
		<subfield code="e">translator.</subfield>
	</datafield>
	<datafield ind1="1" ind2=" " tag="700">
		<subfield code="a">Barker, Ernest,</subfield>
		<subfield code="c">Sir,</subfield>
		<subfield code="d">1874-1960,</subfield>
		<subfield code="e">contributor.</subfield>
	</datafield>
	<datafield ind1="1" ind2=" " tag="700">
		<subfield code="6">880-06</subfield>
		<subfield code="a">ʻĪsá, ʻAlī Aḥmad,</subfield>
		<subfield code="e">translator.</subfield>
	</datafield>
	<datafield ind1="1" ind2=" " tag="700">
		<subfield code="a">Gibb, H. A. R.</subfield>
		<subfield code="q">(Hamilton Alexander Rosskeen),</subfield>
		<subfield code="d">1895-1971,</subfield>
		<subfield code="e">contributor.</subfield>
	</datafield>
	<datafield ind1="1" ind2=" " tag="700">
		<subfield code="6">880-07</subfield>
		<subfield code="a">Ḥamzah, ʻAbd al-Laṭīf Maḥmūd,</subfield>
		<subfield code="e">translator.</subfield>
	</datafield>
	<datafield ind1="1" ind2=" " tag="700">
		<subfield code="6">880-08</subfield>
		<subfield code="a">Ṭawīl, Tawfīq,</subfield>
		<subfield code="e">translator.</subfield>
	</datafield>
	<datafield ind1="1" ind2=" " tag="700">
		<subfield code="6">880-09</subfield>
		<subfield code="a">ʻAlī, Khaṭṭāb ʻAṭīyah,</subfield>
		<subfield code="e">translator.</subfield>
	</datafield>
	<datafield ind1="1" ind2=" " tag="700">
		<subfield code="a">Christie, A. H.</subfield>
		<subfield code="q">(Abel H.),</subfield>
		<subfield code="e">contributor.</subfield>
	</datafield>
	<datafield ind1="1" ind2=" " tag="700">
		<subfield code="a">Briggs, Martin S.</subfield>
		<subfield code="q">(Martin Shaw),</subfield>
		<subfield code="d">1882-1977,</subfield>
		<subfield code="e">contributor.</subfield>
	</datafield>
	<datafield ind1="1" ind2=" " tag="700">
		<subfield code="a">Arnold, Thomas Walker,</subfield>
		<subfield code="c">Sir,</subfield>
		<subfield code="d">1864-1930,</subfield>
		<subfield code="e">contributor.</subfield>
	</datafield>
	<datafield ind1="2" ind2=" " tag="710">
		<subfield code="6">880-10</subfield>
		<subfield code="a">Lajnat al-Jāmiʻyīn li-Nashr al-ʻIlm.</subfield>
	</datafield>
	<datafield ind1="2" ind2=" " tag="710">
		<subfield code="a">American University in Cairo.</subfield>
		<subfield code="b">Library.</subfield>
	</datafield>
	<datafield ind1="0" ind2=" " tag="730">
		<subfield code="a">Arabic Collections Online.</subfield>
	</datafield>
	<datafield ind1="0" ind2="8" tag="776">
		<subfield code="i">Print version:</subfield>
		<subfield code="a">Guillaume, Alfred, 1888-1965, author.</subfield>
		<subfield code="t">Turāth al-Islām = The Legacy of Islam</subfield>
		<subfield code="w">(UaCaAUL)b12224662</subfield>
		<subfield code="w">(OCoLC)25262949</subfield>
	</datafield>
	<datafield ind1="4" ind2="0" tag="856">
		<subfield code="u">http://hdl.handle.net/2333.1/v15dvc64</subfield>
	</datafield>
	<datafield ind1="1" ind2="0" tag="880">
		<subfield code="6">245-01</subfield>
		<subfield code="a">تراث الإسلام = The Legacy of Islam.</subfield>
	</datafield>
	<datafield ind1=" " ind2="1" tag="880">
		<subfield code="6">264-02</subfield>
		<subfield code="a">[Cairo] :</subfield>
		<subfield code="b">مطبعة لجنة التأليف والترجمة والنشر،</subfield>
		<subfield code="c">1936.</subfield>
	</datafield>
	<datafield ind1=" " ind2=" " tag="880">
		<subfield code="6">500-03</subfield>
		<subfield code="a">At head of title page: لجنة الجامعيين لنشر العلم.</subfield>
	</datafield>
	<datafield ind1="0" ind2=" " tag="880">
		<subfield code="6">505-00</subfield>
		<subfield code="a">ڤلم 1. 1 اسبانيا والبرتغال / وضعه ج.ب. ترند ؛ عربه وعلق عليه حسين مؤنس  2. الحروب الصليبية / وضعه ايرنست باركر ؛ عربه علي احمد عيسى  3. الادب /  وضعه ه..ر. جب ؛ عربه وعلق عليه عبد اللطيف محمود حمزة  3. الفلسفة والالاهيات / وضعه الفرد جيوم ؛ عربه وعلق عليه توفيق الطويل  ڤلم 2. 1 الفنون الاسلامية الفرعية وتأثيرها في الفنون الاوربية / كتبه بالانجليزية ا. ه. چرست  2 الفن الاسلامي وتأثيره في التصوير في اوروبا / كتبه بالانجليزية ثمس ارنلد  فن العمارة /  كتبه بالانجليزية مرتن س. برگگس.</subfield>
	</datafield>
	<datafield ind1="0" ind2=" " tag="880">
		<subfield code="6">505-04</subfield>
		<subfield code="a">Volume 1. 1 أسبانيا والبرتغال / وضعه ج.ب. ترند ؛ عربه وعلق عليه حسين مؤنس -- 2. الحروب الصليبية / وضعه ايرنست باركر ؛ عربه علي أحمد عيسى -- 3. الأدب /  وضعه ه..ر. جب ؛ عربه وعلق عليه عبد اللطيف محمود حمزة -- 3. الفلسفة والإلهيات / وضعه الفرد جيوم ؛ عربه وعلق عليه توفيق الطويل -- Volume 2. 1 الفنون الإسلامية الفرعية وتأثيرها في الفنون الأوربية / كتبه بالإنجليزية A. H. Christie-- 2 الفن الإسلامي وتأثيره في التصوير في أوروبا / كتبه بالإنجليزية Thomas Arnold -- فن العمارة /  كتبه بالإنجليزية Martin S. Briggs-- المقدمة وضعها الفرد جيوم ؛ وعربها خطاب عطية.</subfield>
	</datafield>
	<datafield ind1="1" ind2=" " tag="880">
		<subfield code="6">700-05</subfield>
		<subfield code="a">مؤنس، حسين،</subfield>
		<subfield code="d">1911-.</subfield>
	</datafield>
	<datafield ind1="1" ind2=" " tag="880">
		<subfield code="6">700-06</subfield>
		<subfield code="a">عيسى، علي أحمد.</subfield>
	</datafield>
	<datafield ind1="1" ind2=" " tag="880">
		<subfield code="6">700-07</subfield>
		<subfield code="a">حمزة، عبد اللطيف محمود.</subfield>
	</datafield>
	<datafield ind1="1" ind2=" " tag="880">
		<subfield code="6">700-08</subfield>
		<subfield code="a">طويل، توفيق.</subfield>
	</datafield>
	<datafield ind1="1" ind2=" " tag="880">
		<subfield code="6">700-09</subfield>
		<subfield code="a">علي، خطاب عطية.</subfield>
	</datafield>
	<datafield ind1="2" ind2=" " tag="880">
		<subfield code="6">710-10</subfield>
		<subfield code="a">لجنة الجامعيين لنشر العلم.</subfield>
	</datafield>
	<datafield ind1=" " ind2=" " tag="959">
		<subfield code="a">NNU</subfield>
		<subfield code="b">WEB</subfield>
		<subfield code="c">GENI</subfield>
		<subfield code="t">0</subfield>
		<subfield code="m">Electronic access</subfield>
		<subfield code="s">01</subfield>
	</datafield>
	<datafield ind1=" " ind2=" " tag="999">
		<subfield code="i">UaCaAUL_b12224662</subfield>
		<subfield code="o">(OCoLC)ocm25262949</subfield>
		<subfield code="s">auc_aco000521:2 v. in 1</subfield>
		<subfield code="e">(ERROR-880)</subfield>
		<subfield code="s">auc_aco000521:2 v. in 1</subfield>
	</datafield>
</record>
